
@article{Landauer1961,
  author = {Landauer, R.},
  title  = {Irreversibility and heat generation in the computing process},
  journal= {IBM Journal of Research and Development},
  year   = {1961},
  volume = {5},
  pages  = {183--191}
}

@article{Jarzynski1997,
  author = {Jarzynski, C.},
  title  = {Nonequilibrium Equality for Free Energy Differences},
  journal= {Physical Review Letters},
  year   = {1997},
  volume = {78},
  pages  = {2690--2693}
}

@article{Crooks1999,
  author = {Crooks, G.E.},
  title  = {Entropy production fluctuation theorem and the nonequilibrium work relation for free energy differences},
  journal= {Physical Review E},
  year   = {1999},
  volume = {60},
  pages  = {2721--2726}
}

@article{AlickiFannes2004,
  author = {Alicki, R. and Fannes, M.},
  title  = {Continuity of quantum conditional information},
  journal= {Journal of Physics A: Mathematical and General},
  year   = {2004},
  volume = {37},
  pages  = {L55}
}

@book{CoverThomas,
  author = {Cover, T.M. and Thomas, J.A.},
  title  = {Elements of Information Theory},
  year   = {2006},
  publisher = {Wiley}
}
